@inproceedings{lu2011shadowstory,
  title={ShadowStory: creative and collaborative digital storytelling inspired by cultural heritage},
  author={Lu, F. and Tian, F. and Jiang, Y. and Cao, X. and Luo, W. and Li, G. and Zhang, X. and Dai, G. and Wang, H.},
  booktitle={Proceedings of the 2011 annual conference on Human factors in computing systems},
  pages={1919--1928},
  year={2011},
}

@inproceedings{leite2012shape,
  title={Shape your body: control a virtual silhouette using body motion},
  author={Leite, L. and Orvalho, V.},
  booktitle={Proceedings of the 2012 ACM annual conference extended abstracts on Human Factors in Computing Systems Extended Abstracts},
  pages={1913--1918},
  year={2012},
}

@article{hormann2006mean,
  title={Mean value coordinates for arbitrary planar polygons},
  author={Hormann, Kai and Floater, Michael S},
  journal={ACM Transactions on Graphics (TOG)},
  volume={25},
  number={4},
  pages={1424--1441},
  year={2006},
}

@inproceedings{pan20053d,
  title={3D face recognition using mapped depth images},
  author={Pan, Gang and Han, Shi and Wu, Zhaohui and Wang, Yueming},
  booktitle={Computer Vision and Pattern Recognition-Workshops, 2005. CVPR Workshops. IEEE Computer Society Conference on},
  pages={175--175},
  year={2005},
}
@inproceedings{winnemoller2011xdog,
  title={XDoG: advanced image stylization with eXtended Difference-of-Gaussians},
  author={Winnem{\"o}ller, Holger},
  booktitle={Proceedings of the ACM SIGGRAPH/Eurographics Symposium on Non-Photorealistic Animation and Rendering},
  pages={147--156},
  year={2011},
}

@inproceedings{hog,
  title={Histograms of oriented gradients for human detection},
  author={Dalal, Navneet and Triggs, Bill},
  booktitle={IEEE Computer Society Conference on Computer Vision and Pattern Recognition},
  volume={1},
  pages={886--893},
  year={2005},
}
@inproceedings{efros2001image,
  title={Image quilting for texture synthesis and transfer},
  author={Efros, Alexei A and Freeman, William T},
  booktitle={Proceedings of the 28th annual conference on Computer graphics and interactive techniques},
  pages={341--346},
  year={2001},
  organization={ACM}
}
@article{sturman1998state,
  title={The state of computer animation},
  author={Sturman, David},
  journal={Computer Graphics-New York-Association For Computing Machinery},
  volume={32},
  pages={57--61},
  year={1998},
  publisher={ACM ASSOCIATION FOR COMPUTING MACHINERY}
}

@article{hsu2005planning,
  title={Planning character motions for shadow play animations},
  author={Hsu, Shu-Wei and Li, Tsai-Yen},
  journal={Proc. CASA},
  volume={5},
  pages={184--190},
  year={2005}
}

@article{tan2010real,
  title={Real-Time Simulation and Interactive Animation of Shadow Play Puppets Using OpenGL},
  author={Tan, KL and Talib, AZ and Osman, MA},
  journal={International Journal of IJCIE},
  volume={4},
  pages={1--8},
  year={2010}
}
@article{pan2011sketch,
  title={Sketch-based skeleton-driven 2D animation and motion capture},
  author={Pan, Junjun and Zhang, Jian},
  journal={Transactions on edutainment VI},
  pages={164--181},
  year={2011},
  publisher={Springer}
}

@article{chen2012visions,
  title={Visions for the Masses: Chinese Shadow Plays from Shaanxi and Shanxi},
  author={Chen, Fan Pen Li},
  journal={Pacific Science},
  volume={66},
  number={3},
  year={2012}
}

@inproceedings{lin2012action,
  title={Action recognition for human-marionette interaction},
  author={Lin, Shih-Yao and Shie, Chuen-Kai and Chen, Shen-Chi and Hung, Yi-Ping},
  booktitle={Proceedings of the 20th ACM international conference on Multimedia},
  pages={39--48},
  year={2012},
  organization={ACM}
}

@inproceedings{zhang2012chinese,
  title={Chinese shadow puppetry with an interactive interface using the kinect sensor},
  author={Zhang, Hui and Song, Yuhao and Chen, Zhuo and Cai, Ji and Lu, Ke},
  booktitle={Computer Vision--ECCV 2012. Workshops and Demonstrations},
  pages={352--361},
  year={2012},
  organization={Springer}
}

@book{gomes1999warping,
  title={Warping and morphing of graphical objects},
  author={Gomes, J.},
  volume={1},
  year={1999},
  publisher={Morgan Kaufmann}
}

@inproceedings{pan20033d,
  title={3D Face recognition by profile and surface matching},
  author={Pan, Gang and Wu, Yijun and Wu, Zhaohui and Liu, Wenyao},
  booktitle={Neural Networks, 2003. Proceedings of the International Joint Conference on},
  volume={3},
  pages={2169--2174},
  year={2003},
  organization={IEEE}
}

@inproceedings{nagamine19923d,
  title={3D facial image analysis for human identification},
  author={Nagamine, Takashi and Uemura, Tetsuya and Masuda, Isao},
  booktitle={Pattern Recognition, 1992. Vol. I. Conference A: Computer Vision and Applications, Proceedings., 11th IAPR International Conference on},
  pages={324--327},
  year={1992},
  organization={IEEE}
}